%YAML 1.1
%TAG !u! tag:unity3d.com,2011:
--- !u!29 &1
OcclusionCullingSettings:
  m_ObjectHideFlags: 0
  serializedVersion: 2
  m_OcclusionBakeSettings:
    smallestOccluder: 5
    smallestHole: 0.25
    backfaceThreshold: 100
  m_SceneGUID: 00000000000000000000000000000000
  m_OcclusionCullingData: {fileID: 0}
--- !u!104 &2
RenderSettings:
  m_ObjectHideFlags: 0
  serializedVersion: 9
  m_Fog: 0
  m_FogColor: {r: 0.5, g: 0.5, b: 0.5, a: 1}
  m_FogMode: 3
  m_FogDensity: 0.01
  m_LinearFogStart: 0
  m_LinearFogEnd: 300
  m_AmbientSkyColor: {r: 0.212, g: 0.227, b: 0.259, a: 1}
  m_AmbientEquatorColor: {r: 0.114, g: 0.125, b: 0.133, a: 1}
  m_AmbientGroundColor: {r: 0.047, g: 0.043, b: 0.035, a: 1}
  m_AmbientIntensity: 0
  m_AmbientMode: 0
  m_SubtractiveShadowColor: {r: 0.42, g: 0.478, b: 0.627, a: 1}
  m_SkyboxMaterial: {fileID: 0}
  m_HaloStrength: 0.5
  m_FlareStrength: 1
  m_FlareFadeSpeed: 3
  m_HaloTexture: {fileID: 0}
  m_SpotCookie: {fileID: 10001, guid: 0000000000000000e000000000000000, type: 0}
  m_DefaultReflectionMode: 0
  m_DefaultReflectionResolution: 128
  m_ReflectionBounces: 1
  m_ReflectionIntensity: 0
  m_CustomReflection: {fileID: 0}
  m_Sun: {fileID: 0}
  m_IndirectSpecularColor: {r: 0, g: 0, b: 0, a: 1}
  m_UseRadianceAmbientProbe: 0
--- !u!157 &3
LightmapSettings:
  m_ObjectHideFlags: 0
  serializedVersion: 12
  m_GIWorkflowMode: 1
  m_GISettings:
    serializedVersion: 2
    m_BounceScale: 1
    m_IndirectOutputScale: 1
    m_AlbedoBoost: 1
    m_EnvironmentLightingMode: 0
    m_EnableBakedLightmaps: 1
    m_EnableRealtimeLightmaps: 0
  m_LightmapEditorSettings:
    serializedVersion: 12
    m_Resolution: 2
    m_BakeResolution: 40
    m_AtlasSize: 1024
    m_AO: 0
    m_AOMaxDistance: 1
    m_CompAOExponent: 1
    m_CompAOExponentDirect: 0
    m_ExtractAmbientOcclusion: 0
    m_Padding: 2
    m_LightmapParameters: {fileID: 0}
    m_LightmapsBakeMode: 1
    m_TextureCompression: 1
    m_FinalGather: 0
    m_FinalGatherFiltering: 1
    m_FinalGatherRayCount: 256
    m_ReflectionCompression: 2
    m_MixedBakeMode: 2
    m_BakeBackend: 1
    m_PVRSampling: 1
    m_PVRDirectSampleCount: 32
    m_PVRSampleCount: 512
    m_PVRBounces: 2
    m_PVREnvironmentSampleCount: 256
    m_PVREnvironmentReferencePointCount: 2048
    m_PVRFilteringMode: 1
    m_PVRDenoiserTypeDirect: 1
    m_PVRDenoiserTypeIndirect: 1
    m_PVRDenoiserTypeAO: 1
    m_PVRFilterTypeDirect: 0
    m_PVRFilterTypeIndirect: 0
    m_PVRFilterTypeAO: 0
    m_PVREnvironmentMIS: 1
    m_PVRCulling: 1
    m_PVRFilteringGaussRadiusDirect: 1
    m_PVRFilteringGaussRadiusIndirect: 5
    m_PVRFilteringGaussRadiusAO: 2
    m_PVRFilteringAtrousPositionSigmaDirect: 0.5
    m_PVRFilteringAtrousPositionSigmaIndirect: 2
    m_PVRFilteringAtrousPositionSigmaAO: 1
    m_ExportTrainingData: 0
    m_TrainingDataDestination: TrainingData
    m_LightProbeSampleCountMultiplier: 4
  m_LightingDataAsset: {fileID: 112000000, guid: b50d6e1acfef68b45995734426402926, type: 2}
  m_LightingSettings: {fileID: 4890085278179872738, guid: 87835c649f66632449c939c6df8ea8a0, type: 2}
--- !u!196 &4
NavMeshSettings:
  serializedVersion: 2
  m_ObjectHideFlags: 0
  m_BuildSettings:
    serializedVersion: 2
    agentTypeID: 0
    agentRadius: 0.5
    agentHeight: 2
    agentSlope: 45
    agentClimb: 0.4
    ledgeDropHeight: 0
    maxJumpAcrossDistance: 0
    minRegionArea: 2
    manualCellSize: 0
    cellSize: 0.16666667
    manualTileSize: 0
    tileSize: 256
    accuratePlacement: 0
    maxJobWorkers: 0
    preserveTilesOutsideBounds: 0
    debug:
      m_Flags: 0
  m_NavMeshData: {fileID: 0}
--- !u!1 &402258134
GameObject:
  m_ObjectHideFlags: 0
  m_CorrespondingSourceObject: {fileID: 0}
  m_PrefabInstance: {fileID: 0}
  m_PrefabAsset: {fileID: 0}
  serializedVersion: 6
  m_Component:
  - component: {fileID: 402258136}
  - component: {fileID: 402258135}
  m_Layer: 0
  m_Name: Directional Light
  m_TagString: Untagged
  m_Icon: {fileID: 0}
  m_NavMeshLayer: 0
  m_StaticEditorFlags: 0
  m_IsActive: 1
--- !u!108 &402258135
Light:
  m_ObjectHideFlags: 0
  m_CorrespondingSourceObject: {fileID: 0}
  m_PrefabInstance: {fileID: 0}
  m_PrefabAsset: {fileID: 0}
  m_GameObject: {fileID: 402258134}
  m_Enabled: 1
  serializedVersion: 10
  m_Type: 1
  m_Shape: 0
  m_Color: {r: 1, g: 1, b: 1, a: 1}
  m_Intensity: 2
  m_Range: 10
  m_SpotAngle: 30
  m_InnerSpotAngle: 21.80208
  m_CookieSize: 10
  m_Shadows:
    m_Type: 0
    m_Resolution: -1
    m_CustomResolution: -1
    m_Strength: 1
    m_Bias: 0.05
    m_NormalBias: 0.4
    m_NearPlane: 0.2
    m_CullingMatrixOverride:
      e00: 1
      e01: 0
      e02: 0
      e03: 0
      e10: 0
      e11: 1
      e12: 0
      e13: 0
      e20: 0
      e21: 0
      e22: 1
      e23: 0
      e30: 0
      e31: 0
      e32: 0
      e33: 1
    m_UseCullingMatrixOverride: 0
  m_Cookie: {fileID: 0}
  m_DrawHalo: 0
  m_Flare: {fileID: 0}
  m_RenderMode: 0
  m_CullingMask:
    serializedVersion: 2
    m_Bits: 4294967295
  m_RenderingLayerMask: 1
  m_Lightmapping: 4
  m_LightShadowCasterMode: 0
  m_AreaSize: {x: 1, y: 1}
  m_BounceIntensity: 1
  m_ColorTemperature: 6570
  m_UseColorTemperature: 0
  m_BoundingSphereOverride: {x: 0, y: 0, z: 0, w: 0}
  m_UseBoundingSphereOverride: 0
  m_UseViewFrustumForShadowCasterCull: 1
  m_ShadowRadius: 0
  m_ShadowAngle: 0
--- !u!4 &402258136
Transform:
  m_ObjectHideFlags: 0
  m_CorrespondingSourceObject: {fileID: 0}
  m_PrefabInstance: {fileID: 0}
  m_PrefabAsset: {fileID: 0}
  m_GameObject: {fileID: 402258134}
  m_LocalRotation: {x: 0.6427876, y: 0, z: 0, w: 0.7660445}
  m_LocalPosition: {x: 0.2709248, y: 6.82, z: 4.58}
  m_LocalScale: {x: 1, y: 1, z: 1}
  m_Children: []
  m_Father: {fileID: 0}
  m_RootOrder: 4
  m_LocalEulerAnglesHint: {x: 80, y: 0, z: 0}
--- !u!1001 &552794652
PrefabInstance:
  m_ObjectHideFlags: 0
  serializedVersion: 2
  m_Modification:
    m_TransformParent: {fileID: 0}
    m_Modifications:
    - target: {fileID: 1171450800276530968, guid: 9a35d9e5a7556d346827770cf81d2bec, type: 3}
      propertyPath: m_Name
      value: LoaderController
      objectReference: {fileID: 0}
    - target: {fileID: 6961821709073853349, guid: 9a35d9e5a7556d346827770cf81d2bec, type: 3}
      propertyPath: m_RootOrder
      value: 8
      objectReference: {fileID: 0}
    - target: {fileID: 6961821709073853349, guid: 9a35d9e5a7556d346827770cf81d2bec, type: 3}
      propertyPath: m_LocalPosition.x
      value: 960
      objectReference: {fileID: 0}
    - target: {fileID: 6961821709073853349, guid: 9a35d9e5a7556d346827770cf81d2bec, type: 3}
      propertyPath: m_LocalPosition.y
      value: 540
      objectReference: {fileID: 0}
    - target: {fileID: 6961821709073853349, guid: 9a35d9e5a7556d346827770cf81d2bec, type: 3}
      propertyPath: m_LocalPosition.z
      value: 0
      objectReference: {fileID: 0}
    - target: {fileID: 6961821709073853349, guid: 9a35d9e5a7556d346827770cf81d2bec, type: 3}
      propertyPath: m_LocalRotation.w
      value: 1
      objectReference: {fileID: 0}
    - target: {fileID: 6961821709073853349, guid: 9a35d9e5a7556d346827770cf81d2bec, type: 3}
      propertyPath: m_LocalRotation.x
      value: 0
      objectReference: {fileID: 0}
    - target: {fileID: 6961821709073853349, guid: 9a35d9e5a7556d346827770cf81d2bec, type: 3}
      propertyPath: m_LocalRotation.y
      value: 0
      objectReference: {fileID: 0}
    - target: {fileID: 6961821709073853349, guid: 9a35d9e5a7556d346827770cf81d2bec, type: 3}
      propertyPath: m_LocalRotation.z
      value: 0
      objectReference: {fileID: 0}
    - target: {fileID: 6961821709073853349, guid: 9a35d9e5a7556d346827770cf81d2bec, type: 3}
      propertyPath: m_LocalEulerAnglesHint.x
      value: 0
      objectReference: {fileID: 0}
    - target: {fileID: 6961821709073853349, guid: 9a35d9e5a7556d346827770cf81d2bec, type: 3}
      propertyPath: m_LocalEulerAnglesHint.y
      value: 0
      objectReference: {fileID: 0}
    - target: {fileID: 6961821709073853349, guid: 9a35d9e5a7556d346827770cf81d2bec, type: 3}
      propertyPath: m_LocalEulerAnglesHint.z
      value: 0
      objectReference: {fileID: 0}
    m_RemovedComponents: []
  m_SourcePrefab: {fileID: 100100000, guid: 9a35d9e5a7556d346827770cf81d2bec, type: 3}
--- !u!1001 &593802394
PrefabInstance:
  m_ObjectHideFlags: 0
  serializedVersion: 2
  m_Modification:
    m_TransformParent: {fileID: 0}
    m_Modifications:
    - target: {fileID: 3430802186224912671, guid: 1dd0444052d4df2469225bba8cdf13c3, type: 3}
      propertyPath: m_RootOrder
      value: 1
      objectReference: {fileID: 0}
    - target: {fileID: 3430802186224912671, guid: 1dd0444052d4df2469225bba8cdf13c3, type: 3}
      propertyPath: m_LocalPosition.x
      value: 0.34
      objectReference: {fileID: 0}
    - target: {fileID: 3430802186224912671, guid: 1dd0444052d4df2469225bba8cdf13c3, type: 3}
      propertyPath: m_LocalPosition.y
      value: 0
      objectReference: {fileID: 0}
    - target: {fileID: 3430802186224912671, guid: 1dd0444052d4df2469225bba8cdf13c3, type: 3}
      propertyPath: m_LocalPosition.z
      value: -6.61
      objectReference: {fileID: 0}
    - target: {fileID: 3430802186224912671, guid: 1dd0444052d4df2469225bba8cdf13c3, type: 3}
      propertyPath: m_LocalRotation.w
      value: 0.7071068
      objectReference: {fileID: 0}
    - target: {fileID: 3430802186224912671, guid: 1dd0444052d4df2469225bba8cdf13c3, type: 3}
      propertyPath: m_LocalRotation.x
      value: -0.7071068
      objectReference: {fileID: 0}
    - target: {fileID: 3430802186224912671, guid: 1dd0444052d4df2469225bba8cdf13c3, type: 3}
      propertyPath: m_LocalRotation.y
      value: 0
      objectReference: {fileID: 0}
    - target: {fileID: 3430802186224912671, guid: 1dd0444052d4df2469225bba8cdf13c3, type: 3}
      propertyPath: m_LocalRotation.z
      value: -0
      objectReference: {fileID: 0}
    - target: {fileID: 3430802186224912671, guid: 1dd0444052d4df2469225bba8cdf13c3, type: 3}
      propertyPath: m_LocalEulerAnglesHint.x
      value: 0
      objectReference: {fileID: 0}
    - target: {fileID: 3430802186224912671, guid: 1dd0444052d4df2469225bba8cdf13c3, type: 3}
      propertyPath: m_LocalEulerAnglesHint.y
      value: 0
      objectReference: {fileID: 0}
    - target: {fileID: 3430802186224912671, guid: 1dd0444052d4df2469225bba8cdf13c3, type: 3}
      propertyPath: m_LocalEulerAnglesHint.z
      value: 0
      objectReference: {fileID: 0}
    - target: {fileID: 6932962492926352473, guid: 1dd0444052d4df2469225bba8cdf13c3, type: 3}
      propertyPath: m_Name
      value: Walls
      objectReference: {fileID: 0}
    m_RemovedComponents: []
  m_SourcePrefab: {fileID: 100100000, guid: 1dd0444052d4df2469225bba8cdf13c3, type: 3}
--- !u!1001 &617551040
PrefabInstance:
  m_ObjectHideFlags: 0
  serializedVersion: 2
  m_Modification:
    m_TransformParent: {fileID: 0}
    m_Modifications:
    - target: {fileID: 3719234228066395388, guid: f1c76f62a41cdd04fb4f64bbb6b7b4f8, type: 3}
      propertyPath: m_RootOrder
      value: 7
      objectReference: {fileID: 0}
    - target: {fileID: 3719234228066395388, guid: f1c76f62a41cdd04fb4f64bbb6b7b4f8, type: 3}
      propertyPath: m_LocalPosition.x
      value: 600.74646
      objectReference: {fileID: 0}
    - target: {fileID: 3719234228066395388, guid: f1c76f62a41cdd04fb4f64bbb6b7b4f8, type: 3}
      propertyPath: m_LocalPosition.y
      value: 278.83603
      objectReference: {fileID: 0}
    - target: {fileID: 3719234228066395388, guid: f1c76f62a41cdd04fb4f64bbb6b7b4f8, type: 3}
      propertyPath: m_LocalPosition.z
      value: 24.611023
      objectReference: {fileID: 0}
    - target: {fileID: 3719234228066395388, guid: f1c76f62a41cdd04fb4f64bbb6b7b4f8, type: 3}
      propertyPath: m_LocalRotation.w
      value: 1
      objectReference: {fileID: 0}
    - target: {fileID: 3719234228066395388, guid: f1c76f62a41cdd04fb4f64bbb6b7b4f8, type: 3}
      propertyPath: m_LocalRotation.x
      value: 0
      objectReference: {fileID: 0}
    - target: {fileID: 3719234228066395388, guid: f1c76f62a41cdd04fb4f64bbb6b7b4f8, type: 3}
      propertyPath: m_LocalRotation.y
      value: 0
      objectReference: {fileID: 0}
    - target: {fileID: 3719234228066395388, guid: f1c76f62a41cdd04fb4f64bbb6b7b4f8, type: 3}
      propertyPath: m_LocalRotation.z
      value: 0
      objectReference: {fileID: 0}
    - target: {fileID: 3719234228066395388, guid: f1c76f62a41cdd04fb4f64bbb6b7b4f8, type: 3}
      propertyPath: m_LocalEulerAnglesHint.x
      value: 0
      objectReference: {fileID: 0}
    - target: {fileID: 3719234228066395388, guid: f1c76f62a41cdd04fb4f64bbb6b7b4f8, type: 3}
      propertyPath: m_LocalEulerAnglesHint.y
      value: 0
      objectReference: {fileID: 0}
    - target: {fileID: 3719234228066395388, guid: f1c76f62a41cdd04fb4f64bbb6b7b4f8, type: 3}
      propertyPath: m_LocalEulerAnglesHint.z
      value: 0
      objectReference: {fileID: 0}
    - target: {fileID: 8757380277027363185, guid: f1c76f62a41cdd04fb4f64bbb6b7b4f8, type: 3}
      propertyPath: m_Name
      value: MenuController
      objectReference: {fileID: 0}
    m_RemovedComponents: []
  m_SourcePrefab: {fileID: 100100000, guid: f1c76f62a41cdd04fb4f64bbb6b7b4f8, type: 3}
--- !u!114 &617551041 stripped
MonoBehaviour:
  m_CorrespondingSourceObject: {fileID: 7803233602948026428, guid: f1c76f62a41cdd04fb4f64bbb6b7b4f8, type: 3}
  m_PrefabInstance: {fileID: 617551040}
  m_PrefabAsset: {fileID: 0}
  m_GameObject: {fileID: 0}
  m_Enabled: 1
  m_EditorHideFlags: 0
  m_Script: {fileID: 11500000, guid: 4d628ff44a625a442868f1ae1324752c, type: 3}
  m_Name: 
  m_EditorClassIdentifier: 
--- !u!1 &738752186
GameObject:
  m_ObjectHideFlags: 0
  m_CorrespondingSourceObject: {fileID: 0}
  m_PrefabInstance: {fileID: 0}
  m_PrefabAsset: {fileID: 0}
  serializedVersion: 6
  m_Component:
  - component: {fileID: 738752188}
  - component: {fileID: 738752187}
  m_Layer: 0
  m_Name: Grid
  m_TagString: Untagged
  m_Icon: {fileID: 0}
  m_NavMeshLayer: 0
  m_StaticEditorFlags: 0
  m_IsActive: 1
--- !u!156049354 &738752187
Grid:
  m_ObjectHideFlags: 0
  m_CorrespondingSourceObject: {fileID: 0}
  m_PrefabInstance: {fileID: 0}
  m_PrefabAsset: {fileID: 0}
  m_GameObject: {fileID: 738752186}
  m_Enabled: 1
  m_CellSize: {x: 1, y: 1, z: 1}
  m_CellGap: {x: 0, y: 0, z: 0}
  m_CellLayout: 0
  m_CellSwizzle: 0
--- !u!4 &738752188
Transform:
  m_ObjectHideFlags: 0
  m_CorrespondingSourceObject: {fileID: 0}
  m_PrefabInstance: {fileID: 0}
  m_PrefabAsset: {fileID: 0}
  m_GameObject: {fileID: 738752186}
  m_LocalRotation: {x: 0, y: 0, z: 0, w: 1}
  m_LocalPosition: {x: 0, y: 0, z: 0}
  m_LocalScale: {x: 1, y: 1, z: 1}
  m_Children: []
  m_Father: {fileID: 0}
  m_RootOrder: 3
  m_LocalEulerAnglesHint: {x: 0, y: 0, z: 0}
--- !u!1 &1732696392
GameObject:
  m_ObjectHideFlags: 0
  m_CorrespondingSourceObject: {fileID: 0}
  m_PrefabInstance: {fileID: 0}
  m_PrefabAsset: {fileID: 0}
  serializedVersion: 6
  m_Component:
  - component: {fileID: 1732696395}
  - component: {fileID: 1732696394}
  - component: {fileID: 1732696393}
  m_Layer: 0
  m_Name: EventSystem
  m_TagString: Untagged
  m_Icon: {fileID: 0}
  m_NavMeshLayer: 0
  m_StaticEditorFlags: 0
  m_IsActive: 1
--- !u!114 &1732696393
MonoBehaviour:
  m_ObjectHideFlags: 0
  m_CorrespondingSourceObject: {fileID: 0}
  m_PrefabInstance: {fileID: 0}
  m_PrefabAsset: {fileID: 0}
  m_GameObject: {fileID: 1732696392}
  m_Enabled: 1
  m_EditorHideFlags: 0
  m_Script: {fileID: 11500000, guid: 4f231c4fb786f3946a6b90b886c48677, type: 3}
  m_Name: 
  m_EditorClassIdentifier: 
  m_HorizontalAxis: Horizontal
  m_VerticalAxis: Vertical
  m_SubmitButton: Submit
  m_CancelButton: Cancel
  m_InputActionsPerSecond: 10
  m_RepeatDelay: 0.5
  m_ForceModuleActive: 0
--- !u!114 &1732696394
MonoBehaviour:
  m_ObjectHideFlags: 0
  m_CorrespondingSourceObject: {fileID: 0}
  m_PrefabInstance: {fileID: 0}
  m_PrefabAsset: {fileID: 0}
  m_GameObject: {fileID: 1732696392}
  m_Enabled: 1
  m_EditorHideFlags: 0
  m_Script: {fileID: 11500000, guid: 76c392e42b5098c458856cdf6ecaaaa1, type: 3}
  m_Name: 
  m_EditorClassIdentifier: 
  m_FirstSelected: {fileID: 0}
  m_sendNavigationEvents: 1
  m_DragThreshold: 10
--- !u!4 &1732696395
Transform:
  m_ObjectHideFlags: 0
  m_CorrespondingSourceObject: {fileID: 0}
  m_PrefabInstance: {fileID: 0}
  m_PrefabAsset: {fileID: 0}
  m_GameObject: {fileID: 1732696392}
  m_LocalRotation: {x: 0, y: 0, z: 0, w: 1}
  m_LocalPosition: {x: 0, y: 0, z: 0}
  m_LocalScale: {x: 1, y: 1, z: 1}
  m_Children: []
  m_Father: {fileID: 0}
  m_RootOrder: 6
  m_LocalEulerAnglesHint: {x: 0, y: 0, z: 0}
--- !u!114 &1784687553 stripped
MonoBehaviour:
  m_CorrespondingSourceObject: {fileID: 3249021126570868669, guid: 9a35d9e5a7556d346827770cf81d2bec, type: 3}
  m_PrefabInstance: {fileID: 552794652}
  m_PrefabAsset: {fileID: 0}
  m_GameObject: {fileID: 0}
  m_Enabled: 1
  m_EditorHideFlags: 0
  m_Script: {fileID: 11500000, guid: 3cc3102916d2aec4d8e4bf0c5a0a61e2, type: 3}
  m_Name: 
  m_EditorClassIdentifier: 
--- !u!1001 &3233794794552748515
PrefabInstance:
  m_ObjectHideFlags: 0
  serializedVersion: 2
  m_Modification:
    m_TransformParent: {fileID: 0}
    m_Modifications:
    - target: {fileID: 3569748949037120337, guid: 0d3232956eca29447ba4864e67e5ab4a, type: 3}
      propertyPath: m_RootOrder
      value: 0
      objectReference: {fileID: 0}
    - target: {fileID: 3569748949037120337, guid: 0d3232956eca29447ba4864e67e5ab4a, type: 3}
      propertyPath: m_LocalPosition.x
      value: 0
      objectReference: {fileID: 0}
    - target: {fileID: 3569748949037120337, guid: 0d3232956eca29447ba4864e67e5ab4a, type: 3}
      propertyPath: m_LocalPosition.y
      value: 1.22
      objectReference: {fileID: 0}
    - target: {fileID: 3569748949037120337, guid: 0d3232956eca29447ba4864e67e5ab4a, type: 3}
      propertyPath: m_LocalPosition.z
      value: 0
      objectReference: {fileID: 0}
    - target: {fileID: 3569748949037120337, guid: 0d3232956eca29447ba4864e67e5ab4a, type: 3}
      propertyPath: m_LocalRotation.w
      value: 1
      objectReference: {fileID: 0}
    - target: {fileID: 3569748949037120337, guid: 0d3232956eca29447ba4864e67e5ab4a, type: 3}
      propertyPath: m_LocalRotation.x
      value: 0
      objectReference: {fileID: 0}
    - target: {fileID: 3569748949037120337, guid: 0d3232956eca29447ba4864e67e5ab4a, type: 3}
      propertyPath: m_LocalRotation.y
      value: 0
      objectReference: {fileID: 0}
    - target: {fileID: 3569748949037120337, guid: 0d3232956eca29447ba4864e67e5ab4a, type: 3}
      propertyPath: m_LocalRotation.z
      value: 0
      objectReference: {fileID: 0}
    - target: {fileID: 3569748949037120337, guid: 0d3232956eca29447ba4864e67e5ab4a, type: 3}
      propertyPath: m_LocalEulerAnglesHint.x
      value: 0
      objectReference: {fileID: 0}
    - target: {fileID: 3569748949037120337, guid: 0d3232956eca29447ba4864e67e5ab4a, type: 3}
      propertyPath: m_LocalEulerAnglesHint.y
      value: 0
      objectReference: {fileID: 0}
    - target: {fileID: 3569748949037120337, guid: 0d3232956eca29447ba4864e67e5ab4a, type: 3}
      propertyPath: m_LocalEulerAnglesHint.z
      value: 0
      objectReference: {fileID: 0}
    - target: {fileID: 4849811530930495076, guid: 0d3232956eca29447ba4864e67e5ab4a, type: 3}
      propertyPath: m_Name
      value: Player
      objectReference: {fileID: 0}
    m_RemovedComponents: []
  m_SourcePrefab: {fileID: 100100000, guid: 0d3232956eca29447ba4864e67e5ab4a, type: 3}
--- !u!1001 &4592079723419483809
PrefabInstance:
  m_ObjectHideFlags: 0
  serializedVersion: 2
  m_Modification:
    m_TransformParent: {fileID: 0}
    m_Modifications:
    - target: {fileID: 4592079722868491591, guid: 4704a7d837f29d142b1cee8f73babfe9, type: 3}
      propertyPath: m_OnClick.m_PersistentCalls.m_Calls.Array.data[0].m_Target
      value: 
      objectReference: {fileID: 1784687553}
    - target: {fileID: 4592079723318716160, guid: 4704a7d837f29d142b1cee8f73babfe9, type: 3}
      propertyPath: m_OnClick.m_PersistentCalls.m_Calls.Array.data[0].m_Target
      value: 
      objectReference: {fileID: 1784687553}
    - target: {fileID: 4592079723413643916, guid: 4704a7d837f29d142b1cee8f73babfe9, type: 3}
      propertyPath: m_AnchorMax.y
      value: 0
      objectReference: {fileID: 0}
    - target: {fileID: 4592079723497957171, guid: 4704a7d837f29d142b1cee8f73babfe9, type: 3}
      propertyPath: m_OnClick.m_PersistentCalls.m_Calls.Array.data[0].m_Target
      value: 
      objectReference: {fileID: 617551041}
    - target: {fileID: 4592079724504635078, guid: 4704a7d837f29d142b1cee8f73babfe9, type: 3}
      propertyPath: m_Name
      value: Canvas
      objectReference: {fileID: 0}
    - target: {fileID: 4592079724504635082, guid: 4704a7d837f29d142b1cee8f73babfe9, type: 3}
      propertyPath: m_Pivot.x
      value: 0
      objectReference: {fileID: 0}
    - target: {fileID: 4592079724504635082, guid: 4704a7d837f29d142b1cee8f73babfe9, type: 3}
      propertyPath: m_Pivot.y
      value: 0
      objectReference: {fileID: 0}
    - target: {fileID: 4592079724504635082, guid: 4704a7d837f29d142b1cee8f73babfe9, type: 3}
      propertyPath: m_RootOrder
      value: 5
      objectReference: {fileID: 0}
    - target: {fileID: 4592079724504635082, guid: 4704a7d837f29d142b1cee8f73babfe9, type: 3}
      propertyPath: m_AnchorMax.x
      value: 0
      objectReference: {fileID: 0}
    - target: {fileID: 4592079724504635082, guid: 4704a7d837f29d142b1cee8f73babfe9, type: 3}
      propertyPath: m_AnchorMax.y
      value: 0
      objectReference: {fileID: 0}
    - target: {fileID: 4592079724504635082, guid: 4704a7d837f29d142b1cee8f73babfe9, type: 3}
      propertyPath: m_AnchorMin.x
      value: 0
      objectReference: {fileID: 0}
    - target: {fileID: 4592079724504635082, guid: 4704a7d837f29d142b1cee8f73babfe9, type: 3}
      propertyPath: m_AnchorMin.y
      value: 0
      objectReference: {fileID: 0}
    - target: {fileID: 4592079724504635082, guid: 4704a7d837f29d142b1cee8f73babfe9, type: 3}
      propertyPath: m_SizeDelta.x
      value: 0
      objectReference: {fileID: 0}
    - target: {fileID: 4592079724504635082, guid: 4704a7d837f29d142b1cee8f73babfe9, type: 3}
      propertyPath: m_SizeDelta.y
      value: 0
      objectReference: {fileID: 0}
    - target: {fileID: 4592079724504635082, guid: 4704a7d837f29d142b1cee8f73babfe9, type: 3}
      propertyPath: m_LocalPosition.x
      value: 0
      objectReference: {fileID: 0}
    - target: {fileID: 4592079724504635082, guid: 4704a7d837f29d142b1cee8f73babfe9, type: 3}
      propertyPath: m_LocalPosition.y
      value: 0
      objectReference: {fileID: 0}
    - target: {fileID: 4592079724504635082, guid: 4704a7d837f29d142b1cee8f73babfe9, type: 3}
      propertyPath: m_LocalPosition.z
      value: 0
      objectReference: {fileID: 0}
    - target: {fileID: 4592079724504635082, guid: 4704a7d837f29d142b1cee8f73babfe9, type: 3}
      propertyPath: m_LocalRotation.w
      value: 1
      objectReference: {fileID: 0}
    - target: {fileID: 4592079724504635082, guid: 4704a7d837f29d142b1cee8f73babfe9, type: 3}
      propertyPath: m_LocalRotation.x
      value: 0
      objectReference: {fileID: 0}
    - target: {fileID: 4592079724504635082, guid: 4704a7d837f29d142b1cee8f73babfe9, type: 3}
      propertyPath: m_LocalRotation.y
      value: 0
      objectReference: {fileID: 0}
    - target: {fileID: 4592079724504635082, guid: 4704a7d837f29d142b1cee8f73babfe9, type: 3}
      propertyPath: m_LocalRotation.z
      value: 0
      objectReference: {fileID: 0}
    - target: {fileID: 4592079724504635082, guid: 4704a7d837f29d142b1cee8f73babfe9, type: 3}
      propertyPath: m_AnchoredPosition.x
      value: 0
      objectReference: {fileID: 0}
    - target: {fileID: 4592079724504635082, guid: 4704a7d837f29d142b1cee8f73babfe9, type: 3}
      propertyPath: m_AnchoredPosition.y
      value: 0
      objectReference: {fileID: 0}
    - target: {fileID: 4592079724504635082, guid: 4704a7d837f29d142b1cee8f73babfe9, type: 3}
      propertyPath: m_LocalEulerAnglesHint.x
      value: 0
      objectReference: {fileID: 0}
    - target: {fileID: 4592079724504635082, guid: 4704a7d837f29d142b1cee8f73babfe9, type: 3}
      propertyPath: m_LocalEulerAnglesHint.y
      value: 0
      objectReference: {fileID: 0}
    - target: {fileID: 4592079724504635082, guid: 4704a7d837f29d142b1cee8f73babfe9, type: 3}
      propertyPath: m_LocalEulerAnglesHint.z
      value: 0
      objectReference: {fileID: 0}
    - target: {fileID: 4592079724504635084, guid: 4704a7d837f29d142b1cee8f73babfe9, type: 3}
      propertyPath: robotsToRecive.Array.size
      value: 1
      objectReference: {fileID: 0}
    - target: {fileID: 4592079724504635084, guid: 4704a7d837f29d142b1cee8f73babfe9, type: 3}
      propertyPath: robotNumbrRequired.Array.size
      value: 1
      objectReference: {fileID: 0}
    - target: {fileID: 4592079724504635084, guid: 4704a7d837f29d142b1cee8f73babfe9, type: 3}
      propertyPath: robotNumbrRequired.Array.data[0]
      value: 5
      objectReference: {fileID: 0}
    - target: {fileID: 4592079724522852949, guid: 4704a7d837f29d142b1cee8f73babfe9, type: 3}
      propertyPath: m_AnchorMax.y
      value: 0
      objectReference: {fileID: 0}
    - target: {fileID: 6244063710408665085, guid: 4704a7d837f29d142b1cee8f73babfe9, type: 3}
      propertyPath: m_text
      value: 
      objectReference: {fileID: 0}
    - target: {fileID: 6244063710408665085, guid: 4704a7d837f29d142b1cee8f73babfe9, type: 3}
      propertyPath: m_margin.z
      value: -294.41306
      objectReference: {fileID: 0}
    - target: {fileID: 6244063710408665085, guid: 4704a7d837f29d142b1cee8f73babfe9, type: 3}
      propertyPath: m_fontColor.b
      value: 1
      objectReference: {fileID: 0}
    - target: {fileID: 6244063710408665085, guid: 4704a7d837f29d142b1cee8f73babfe9, type: 3}
      propertyPath: m_fontColor.g
      value: 1
      objectReference: {fileID: 0}
    - target: {fileID: 6244063710408665085, guid: 4704a7d837f29d142b1cee8f73babfe9, type: 3}
      propertyPath: m_fontColor.r
      value: 1
      objectReference: {fileID: 0}
    m_RemovedComponents: []
  m_SourcePrefab: {fileID: 100100000, guid: 4704a7d837f29d142b1cee8f73babfe9, type: 3}
--- !u!1001 &8571839994854971208
PrefabInstance:
  m_ObjectHideFlags: 0
  serializedVersion: 2
  m_Modification:
    m_TransformParent: {fileID: 0}
    m_Modifications:
    - target: {fileID: 8571839993852405158, guid: 3f9b0051d36085a4e82aec2ba9ae08d2, type: 3}
      propertyPath: recipts.Array.data[0]
      value: 
      objectReference: {fileID: 1799167011041461875, guid: 74c6cc9fda7727f478da96949e4bd1df, type: 3}
    - target: {fileID: 8571839993926261422, guid: 3f9b0051d36085a4e82aec2ba9ae08d2, type: 3}
      propertyPath: m_RootOrder
      value: 2
      objectReference: {fileID: 0}
    - target: {fileID: 8571839993926261422, guid: 3f9b0051d36085a4e82aec2ba9ae08d2, type: 3}
      propertyPath: m_LocalPosition.x
      value: -18
      objectReference: {fileID: 0}
    - target: {fileID: 8571839993926261422, guid: 3f9b0051d36085a4e82aec2ba9ae08d2, type: 3}
      propertyPath: m_LocalPosition.y
      value: 0
      objectReference: {fileID: 0}
    - target: {fileID: 8571839993926261422, guid: 3f9b0051d36085a4e82aec2ba9ae08d2, type: 3}
      propertyPath: m_LocalPosition.z
      value: 0
      objectReference: {fileID: 0}
    - target: {fileID: 8571839993926261422, guid: 3f9b0051d36085a4e82aec2ba9ae08d2, type: 3}
      propertyPath: m_LocalRotation.w
      value: 0
      objectReference: {fileID: 0}
    - target: {fileID: 8571839993926261422, guid: 3f9b0051d36085a4e82aec2ba9ae08d2, type: 3}
      propertyPath: m_LocalRotation.x
      value: 0
      objectReference: {fileID: 0}
    - target: {fileID: 8571839993926261422, guid: 3f9b0051d36085a4e82aec2ba9ae08d2, type: 3}
      propertyPath: m_LocalRotation.y
      value: 1
      objectReference: {fileID: 0}
    - target: {fileID: 8571839993926261422, guid: 3f9b0051d36085a4e82aec2ba9ae08d2, type: 3}
      propertyPath: m_LocalRotation.z
      value: 0
      objectReference: {fileID: 0}
    - target: {fileID: 8571839993926261422, guid: 3f9b0051d36085a4e82aec2ba9ae08d2, type: 3}
      propertyPath: m_LocalEulerAnglesHint.x
      value: 0
      objectReference: {fileID: 0}
    - target: {fileID: 8571839993926261422, guid: 3f9b0051d36085a4e82aec2ba9ae08d2, type: 3}
      propertyPath: m_LocalEulerAnglesHint.y
      value: 180
      objectReference: {fileID: 0}
    - target: {fileID: 8571839993926261422, guid: 3f9b0051d36085a4e82aec2ba9ae08d2, type: 3}
      propertyPath: m_LocalEulerAnglesHint.z
      value: 0
      objectReference: {fileID: 0}
    - target: {fileID: 8571839994094230428, guid: 3f9b0051d36085a4e82aec2ba9ae08d2, type: 3}
      propertyPath: m_Name
      value: level1
      objectReference: {fileID: 0}
    - target: {fileID: 8571839995160656184, guid: 3f9b0051d36085a4e82aec2ba9ae08d2, type: 3}
      propertyPath: recipts.Array.data[0]
      value: 
      objectReference: {fileID: 1799167011041461875, guid: 74c6cc9fda7727f478da96949e4bd1df, type: 3}
    m_RemovedComponents: []
  m_SourcePrefab: {fileID: 100100000, guid: 3f9b0051d36085a4e82aec2ba9ae08d2, type: 3}
